<?xml version="1.0" encoding="UTF-8"?><collection xmlns="http://www.loc.gov/MARC21/slim"><record><leader>00440nam--2200133-i-4500</leader><controlfield tag="001">000013844</controlfield><controlfield tag="002">20161230</controlfield><controlfield tag="005">20161230201030</controlfield><controlfield tag="008">060222s1000------------r-----000-0-eng-d</controlfield><datafield ind1=" " ind2=" " tag="080"><subfield code="a">551.51</subfield></datafield><datafield ind1=" " ind2=" " tag="245"><subfield code="a">The atmosphere and the sea in motion. scienti fic contributions to the rossby. memorial volu me</subfield></datafield><datafield ind1=" " ind2=" " tag="260"><subfield code="a">New York, The Rokefeller Inst. Press In Associ Ation With Oxford Univ. Press, 1959. 509 P</subfield></datafield><datafield ind1=" " ind2=" " tag="700"><subfield code="a">Bolin, Bert</subfield></datafield><datafield ind1=" " ind2=" " tag="852"><subfield code="a">47672</subfield></datafield></record></collection>